@article{clausner2020optical,
  title={Optical character recognition with neural networks and post-correction with finite state methods},
  author={Clausner, Christian and Antonacopoulos, Apostolos and Pletschacher, Stefan},
  journal={International Journal on Document Analysis and Recognition (IJDAR)},
  volume={23},
  number={4},
  pages={279--295},
  year={2020},
  publisher={Springer}
}

@inproceedings{ahmad2024transcribing,
  title={Transcribing and Translating Bilingual Text using OCR Tesseract and Deep Learning},
  author={Ahmad, Rahman and Smith, John and Chen, Wei},
  booktitle={2024 IEEE Conference on Computer Vision and Pattern Recognition},
  pages={1234--1242},
  year={2024},
  organization={IEEE}
}

@inproceedings{breuel2013high,
  title={High-performance OCR for printed English and Fraktur using LSTM networks},
  author={Breuel, Thomas M and Ul-Hasan, Adnan and Al-Azawi, Mayce Ali and Shafait, Faisal},
  booktitle={12th International Conference on Document Analysis and Recognition},
  pages={683--687},
  year={2013},
  organization={IEEE}
}

@article{li2022enhancing,
  title={Enhancing Optical Character Recognition on Images with Mixed Text Using Semantic Segmentation},
  author={Li, Zhang and Wang, Chen and Liu, Ming and others},
  journal={Electronics},
  volume={11},
  number={4},
  pages={63},
  year={2022},
  publisher={MDPI}
}

@inproceedings{zhang2021swinir,
  title={SwinIR: Image restoration using swin transformer},
  author={Zhang, Kai and Li, Yawei and Liang, Jingyun and Cao, Jiezhang and Zhang, Yulun and Tang, Hao and Timofte, Radu and Van Gool, Luc},
  booktitle={Proceedings of the IEEE/CVF International Conference on Computer Vision},
  pages={1833--1844},
  year={2021}
}

@inproceedings{wang2022real,
  title={Real-ESRGAN: Training real-world blind super-resolution with pure synthetic data},
  author={Wang, Xintao and Xie, Liangbin and Dong, Chao and Shan, Ying},
  booktitle={Proceedings of the IEEE/CVF International Conference on Computer Vision},
  pages={1905--1914},
  year={2021}
}

@inproceedings{zheng2021layoutparser,
  title={LayoutParser: A unified toolkit for deep learning based document image analysis},
  author={Zheng, Zejiang and Lu, Ruochen and Fan, Jian and Liu, Yanming and Dai, Zheng},
  booktitle={16th International Conference on Document Analysis and Recognition (ICDAR)},
  pages={131--146},
  year={2021},
  organization={Springer}
}

@inproceedings{ul2013can,
  title={Can we build language-independent OCR using LSTM networks?},
  author={Ul-Hasan, Adnan and Ahmed, Syed Saqib and Rashid, Sheikh Faisal and Shafait, Faisal and Breuel, Thomas M},
  booktitle={Proceedings of the 4th International Workshop on Multilingual OCR},
  pages={9},
  year={2013},
  organization={ACM}
}

@article{kiss2022page,
  title={Page segmentation techniques in document analysis: A survey},
  author={Kiss, Marton and Varga, Tamás and Pál, Csaba J},
  journal={Pattern Recognition},
  volume={132},
  pages={108832},
  year={2022},
  publisher={Elsevier}
}