@article{li2024generalist,
  title={Generalist Multimodal AI: A Review of Architectures, Challenges and Opportunities},
  author={Li, Sai and Zhang, Wei and Chen, Ming and others},
  journal={arXiv preprint arXiv:2406.05496},
  year={2024}
}

@article{saharia2022photorealistic,
  title={Photorealistic Text-to-Image Diffusion Models with Deep Language Understanding},
  author={Saharia, Chitwan and Chan, William and Saxena, Saurabh and Li, Lala and Whang, Jay and Denton, Emily L and Ghasemipour, Kamyar and Gontijo Lopes, Raphael and Karagol Ayan, Burcu and Salimans, Tim and others},
  journal={Advances in Neural Information Processing Systems},
  volume={35},
  pages={36479--36494},
  year={2022}
}

@article{yang2023text,
  title={Text-to-image Diffusion Models in Generative AI: A Survey},
  author={Yang, Chenshuang and Zhang, Chaoning and Zhang, Mengchun and Tasneem, Md and others},
  journal={arXiv preprint arXiv:2303.07909},
  year={2023}
}

@article{wang2025prep,
  title={PreP-OCR: A Complete Pipeline for Document Image Restoration and Enhanced OCR Accuracy},
  author={Wang, Li and Chen, Xiaoming and Liu, Jianhua and others},
  journal={arXiv preprint arXiv:2505.20429},
  year={2025}
}

@article{ye2024general,
  title={General OCR Theory: Towards OCR-2.0 via a Unified End-to-end Model},
  author={Ye, Haoran and Zhang, Jinyang and Anwen, Hu and others},
  journal={arXiv preprint arXiv:2409.01704},
  year={2024}
}

@article{kumar2025low,
  title={Low-Resource Language Processing: An OCR-Driven Summarization and Translation Pipeline},
  author={Kumar, Rajesh and Sharma, Priya and Gupta, Ankit and others},
  journal={arXiv preprint arXiv:2505.11177},
  year={2025}
}

@article{liang2024rich,
  title={Rich Human Feedback for Text-to-Image Generation},
  author={Liang, Youwei and Wu, Keyong and Hou, Yu and others},
  booktitle={Proceedings of the IEEE/CVF Conference on Computer Vision and Pattern Recognition},
  pages={18539--18548},
  year={2024}
}

@article{croitoru2023diffusion,
  title={Diffusion models in vision: A survey},
  author={Croitoru, Florinel-Alin and Hondru, Vlad and Ionescu, Radu Tudor and Shah, Mubarak},
  journal={IEEE transactions on pattern analysis and machine intelligence},
  volume={45},
  number={9},
  pages={10850--10869},
  year={2023}
}

@article{ho2020denoising,
  title={Denoising diffusion probabilistic models},
  author={Ho, Jonathan and Jain, Ajay and Abbeel, Pieter},
  journal={Advances in neural information processing systems},
  volume={33},
  pages={6840--6851},
  year={2020}
}

@article{zhang2023adding,
  title={Adding conditional control to text-to-image diffusion models},
  author={Zhang, Lvmin and Rao, Anyi and Agrawala, Maneesh},
  booktitle={Proceedings of the IEEE/CVF International Conference on Computer Vision},
  pages={3836--3847},
  year={2023}
}