@article{popescu2014gamygdala,
	title={{GAMYGDALA}: An emotion engine for games},
	author={Popescu, Adrian and Broekens, Joost and van Someren, Maarten},
	journal={Affective Computing, IEEE Transactions on},
	volume={5},
	number={1},
	pages={32--44},
	year={2014},
	publisher={IEEE}
}

@inproceedings{smith2007overview,
  title={An overview of the Tesseract OCR engine},
  author={Smith, Ray},
  booktitle={Ninth international conference on document analysis and recognition (ICDAR 2007)},
  volume={2},
  pages={629--633},
  year={2007},
  organization={IEEE}
}

@inproceedings{somedataIuse,
  title={my data},
  author={Smith, Ray},
  booktitle={Ninth international conference on document analysis and recognition (ICDAR 2007)},
  volume={2},
  pages={629--633},
  year={2007},
  organization={IEEE}
}

@inproceedings{graves2006connectionist,
  title={Connectionist temporal classification: labelling unsegmented sequence data with recurrent neural networks},
  author={Graves, Alex and Fern{\'a}ndez, Santiago and Gomez, Faustino and Schmidhuber, J{\"u}rgen},
  booktitle={Proceedings of the 23rd international conference on Machine learning},
  pages={369--376},
  year={2006}
}
@article{hochreiter1997long,
  title={Long short-term memory},
  author={Hochreiter, Sepp and Schmidhuber, J{\"u}rgen},
  journal={Neural computation},
  volume={9},
  number={8},
  pages={1735--1780},
  year={1997},
  publisher={MIT press}
}
@article{hudlicka2002time,
	title={This time with feeling: Integrated model of trait and state effects on cognition and behavior},
	author={Hudlicka, Eva},
	journal={Applied Artificial Intelligence},
	volume={16},
	number={7-8},
	pages={611--641},
	year={2002},
	publisher={Taylor \& Francis}
}

@article{guo2025deepseek,
  title={Deepseek-r1: Incentivizing reasoning capability in llms via reinforcement learning},
  author={Guo, Daya and Yang, Dejian and Zhang, Haowei and Song, Junxiao and Zhang, Ruoyu and Xu, Runxin and Zhu, Qihao and Ma, Shirong and Wang, Peiyi and Bi, Xiao and others},
  journal={arXiv preprint arXiv:2501.12948},
  year={2025}
}

@inproceedings{oppenlaender2022creativity,
  title={The creativity of text-to-image generation},
  author={Oppenlaender, Jonas},
  booktitle={Proceedings of the 25th international academic mindtrek conference},
  pages={192--202},
  year={2022}
}

@article{openai2025gptoss,
  title={Introducing gpt-oss},
  author={OpenAI},
  journal={OpenAI Blog},
  year={2025},
  url={https://openai.com/index/introducing-gpt-oss/}
}

@article{esser2020improving,
  title={Improving the Accuracy of Tesseract 4.0 OCR Engine Using Convolution-Based Preprocessing},
  author={Esser, Patrick and Rombach, Robin and Ommer, Bj{\"o}rn},
  journal={Symmetry},
  volume={12},
  number={5},
  pages={715},
  year={2020},
  publisher={MDPI}
}

@article{qin2024comprehensive,
  title={A Comprehensive Review of Multimodal Large Language Models: Performance and Challenges Across Different Tasks},
  author={Qin, Chen and Zhang, Jing and Du, Duzhen and Li, Chenyou and Huang, Jie and Zhang, Yizhou and others},
  journal={arXiv preprint arXiv:2408.01319},
  year={2024}
}

@article{jin2024mm,
  title={MM-llms: Recent advances in multimodal large language models},
  author={Jin, Duzhen and Qin, Chen and Zhang, Yizhou and Huang, Jie and Zhang, Jing and Li, Chenyou and others},
  journal={arXiv preprint arXiv:2401.13601},
  year={2024}
}

@misc{blackforestlabs2024flux,
  title={FLUX.1 [dev]},
  author={Black Forest Labs},
  year={2024},
  publisher={Hugging Face},
  url={https://huggingface.co/black-forest-labs/FLUX.1-dev}
}

@article{rombach2025flux,
  title={FLUX.1 Kontext: Flow Matching for In-Context Image Generation and Editing in Latent Space},
  author={Rombach, Robin and Blattmann, Andreas and Esser, Patrick and others},
  journal={arXiv preprint arXiv:2506.15742},
  year={2025}
}
